:20:STARTUMS
:25:43060967/8212009200
:28C:0
:60F:C220511EUR1325,97
:61:220511D56,23NMSCKREF+
:86:118?00Überweisungsauftrag?107000
?20KREF+2022051159386828090200?2100001 
?22SVWZ+Auftrags-ID 1146713 TA?23N:361556 IBAN: DE6876251020
?240221201668 BIC: BYLADEM1NEA?30BYLADEM1NEA
?31DE68762510200221201668?32STABILO Sanitärgroßhandel G?33mbH
:62F:C220511EUR1684,52
